@PREAMBLE{
 "\providecommand{\noopsort}[1]{}" 
 # "\providecommand{\singleletter}[1]{#1}%" 
}
@article{KODAMA2001218,
title = {Observation of tau neutrino interactions},
journal = {Physics Letters B},
volume = {504},
number = {3},
pages = {218-224},
year = {2001},
issn = {0370-2693},
doi = {https://doi.org/10.1016/S0370-2693(01)00307-0},
url = {https://www.sciencedirect.com/science/article/pii/S0370269301003070},
author = {Kodama K. et al. [DONUT Collaboration]},
}
 @article{Smirnov_2004, title={Neutrino physics: open theoretical questions}, volume={19}, ISSN={0217-751X}, DOI={10.1142/S0217751X0401910X}, number={08}, journal={International Journal of Modern Physics A}, publisher={World Scientific Publishing Co.}, author={Smirnov, A. Y.}, year={2004}, month={Mar}, pages={1180–1197} }

@article{brookhaven,
  title = {Observation of High-Energy Neutrino Reactions and the Existence of Two Kinds of Neutrinos},
  author = {Danby, G. and Gaillard, J-M. and Goulianos, K. and Lederman, L. M. and Mistry, N. and Schwartz, M. and Steinberger, J.},
  journal = {Phys. Rev. Lett.},
  volume = {9},
  issue = {1},
  pages = {36--44},
  numpages = {0},
  year = {1962},
  month = {Jul},
  publisher = {American Physical Society},
  doi = {10.1103/PhysRevLett.9.36},
}
@book{zuber2020neutrino,
    edition = {3},
	title = {Neutrino {Physics}},
	isbn = {9781315195612},
	publisher = {CRC Press},
	author = {Zuber, Kai},
	month = may,
	year = {2020},
	doi = {10.1201/9781315195612},
}
@article{cowan1956detection,
  title={Detection of the free neutrino: a confirmation},
  author={Cowan Jr, Clyde L and Reines, Frederick and Harrison, FB and Kruse, HW and McGuire, AD},
  journal={Science},
  volume={124},
  number={3212},
  pages={103--104},
  year={1956},
  publisher={American Association for the Advancement of Science},
  doi = {10.1126/science.124.3212.103},
}

 @article{Gouvêa_2016, 
 title={Neutrino Mass Models}, 
 volume={66}, 
 DOI={10.1146/annurev-nucl-102115-044600}, number={1}, 
 journal={Annual Review of Nuclear and Particle Science}, 
 author={de Gouvêa, André}, 
 year={2016}, 
 pages={197–217} }


@BOOK{Bire82,
   author       = {N. D. Birell and P. C. W. Davies},
   year         = 1982,
   title        = {Quantum Fields in Curved Space},
   publisher    = {Cambridge University Press}
}

 @article{King_2004, 
 title={Neutrino Mass Models}, 
 volume={67}, 
 ISSN={0034-4885, 1361-6633}, 
 DOI={10.1088/0034-4885/67/2/R01}, 
 note={arXiv:hep-ph/0310204}, 
 number={2}, 
 journal={Reports on Progress in Physics}, 
 author={S. F. King}, 
 year={2004}, 
 month={Feb}, 
 pages={107–157} }

@article{Dighe, 
title={Neutrino Physics: An Introduction}, 
author={Amol Dighe}, 
year = {2020},
month = {Dec},
note = {Lecture Notes, SERC school}}

 @misc{boyd, 
 title={Neutrino lecture writeups }, 
 url={https://warwick.ac.uk/fac/sci/physics/staff/academic/boyd/stuff/neutrinolectures/}, 
 author={Boyd, Steven},
 note = {Course Notes}} 
 
 @article{Aalseth:2004hb,
    author = "Aalseth, Craig and others",
    title = "{Neutrinoless double beta decay and direct searches for neutrino mass}",
    eprint = "hep-ph/0412300",
    archivePrefix = "arXiv",
    month = "12",
    year = "2004"}
@article{He:2003ih,
    author = "He, Xiao-Gang",
    title = "{Is the Zee model neutrino mass matrix ruled out?}",
    eprint = "hep-ph/0307172",
    archivePrefix = "arXiv",
    doi = "10.1140/epjc/s2004-01669-8",
    journal = "Eur. Phys. J. C",
    volume = "34",
    pages = "371--376",
    year = "2004"
}
@article{zee_wolfstein,
    author = "Zee, A.",
    title = "{A Theory of Lepton Number Violation, Neutrino Majorana Mass, and Oscillation}",
    reportNumber = "UPR-0150T",
    doi = "10.1016/0370-2693(80)90349-4",
    journal = "Phys. Lett. B",
    volume = "93",
    pages = "389",
    year = "1980",
    note = "[Erratum: Phys.Lett.B 95, 461 (1980)]"
}
 @article{MohapatraPhysRevLett,
  title = {Neutrino Mass and Spontaneous Parity Nonconservation},
  author = {Mohapatra, Rabindra N. and Senjanovi\ifmmode \acute{c}\else \'{c}\fi{}, Goran},
  journal = {Phys. Rev. Lett.},
  volume = {44},
  issue = {14},
  pages = {912--915},
  numpages = {0},
  year = {1980},
  month = {Apr},
  publisher = {American Physical Society},
  doi = {10.1103/PhysRevLett.44.912},
  url = {https://link.aps.org/doi/10.1103/PhysRevLett.44.912}
}
@article{Babu:1988ki,
    author = "Babu, K. S.",
    title = "{Model of 'Calculable' Majorana Neutrino Masses}",
    reportNumber = "UR-1039, ER13065-517",
    doi = "10.1016/0370-2693(88)91584-5",
    journal = "Phys. Lett. B",
    volume = "203",
    pages = "132--136",
    year = "1988"
}
@article{Zee:1985id,
    author = "Zee, A.",
    title = "{Quantum Numbers of Majorana Neutrino Masses}",
    reportNumber = "DOE-ER-40048-19 P5",
    doi = "10.1016/0550-3213(86)90475-X",
    journal = "Nucl. Phys. B",
    volume = "264",
    pages = "99--110",
    year = "1986"
}
@article{type3seesaw,
title = {Left-handed neutrino mass scale and spontaneously broken lepton number},
journal = {Physics Letters B},
volume = {99},
number = {5},
pages = {411-415},
year = {1981},
issn = {0370-2693},
doi = {https://doi.org/10.1016/0370-2693(81)90559-1},
url = {https://www.sciencedirect.com/science/article/pii/0370269381905591},
author = {G.B. Gelmini and M. Roncadelli},
}
@article{babu_ma_phyrev,
  title = {Natural Hierarchy of Radiatively Induced Majorana Neutrino Masses},
  author = {Babu, K. S. and Ma, Ernest},
  journal = {Phys. Rev. Lett.},
  volume = {61},
  issue = {6},
  pages = {674--677},
  numpages = {0},
  year = {1988},
  month = {Aug},
  publisher = {American Physical Society},
  doi = {10.1103/PhysRevLett.61.674},
  url = {https://link.aps.org/doi/10.1103/PhysRevLett.61.674}
}
@article{Mohapatra:2005wg,
    author = "Mohapatra, R. N. and others",
    title = "{Theory of neutrinos: A White paper}",
    eprint = "hep-ph/0510213",
    archivePrefix = "arXiv",
    reportNumber = "FERMILAB-TM-2342-T, SLAC-PUB-11622",
    doi = "10.1088/0034-4885/70/11/R02",
    journal = "Rept. Prog. Phys.",
    volume = "70",
    pages = "1757--1867",
    year = "2007"
}
 @misc{bouchandthesis,
  title={Radiative neutrino mass generation and renormalization group running in the Ma-model},
  author={Bouchand, Romain},
  year={2012},
 note = {Master Thesis},
 url = {http://kth.diva-portal.org/smash/get/diva2:517225/FULLTEXT01}
}
@article{ma_arxiv,
    author = "Ma, Ernest",
    title = "{Neutrino Mass: Mechanisms and Models}",
    eprint = "0905.0221",
    archivePrefix = "arXiv",
    primaryClass = "hep-ph",
    reportNumber = "UCRHEP-T468",
    month = "5",
    year = "2009"
}